@article{horvathTBAuncertain,
  title={Monetary transmission in a fragmented, uncertain world},
  author={Horvath, Peter and Atashbar, Tohid},
  year={TBA},
  journal={IMF Working Papers}
}

@article{wu2016measuring,
  title={Measuring the macroeconomic impact of monetary policy at the zero lower bound},
  author={Wu, Jing Cynthia and Xia, Fan Dora},
  journal={Journal of Money, Credit and Banking},
  volume={48},
  number={2-3},
  pages={253--291},
  year={2016},
  publisher={Wiley Online Library}
}

@article{baker2016measuring,
	title={Measuring economic policy uncertainty},
	author={Baker, Scott R and Bloom, Nicholas and Davis, Steven J},
	journal={The quarterly journal of economics},
	volume={131},
	number={4},
	pages={1593--1636},
	year={2016},
	publisher={Oxford University Press}
}

@article{caldara2022measuring,
  title={Measuring geopolitical risk},
  author={Caldara, Dario and Iacoviello, Matteo},
  journal={American Economic Review},
  volume={112},
  number={4},
  pages={1194--1225},
  year={2022},
  publisher={American Economic Association 2014 Broadway, Suite 305, Nashville, TN 37203}
}

@article{caldara2020economic,
  title={The economic effects of trade policy uncertainty},
  author={Caldara, Dario and Iacoviello, Matteo and Molligo, Patrick and Prestipino, Andrea and Raffo, Andrea},
  journal={Journal of Monetary Economics},
  volume={109},
  pages={38--59},
  year={2020},
  publisher={Elsevier}
}

@techreport{ahir2022world,
  title={The world uncertainty index},
  author={Ahir, Hites and Bloom, Nicholas and Furceri, Davide},
  year={2022},
  institution={National bureau of economic research}
}

@article{caldara2016macroeconomic,
  title={The macroeconomic impact of financial and uncertainty shocks},
  author={Caldara, Dario and Fuentes-Albero, Cristina and Gilchrist, Simon and Zakraj{\v{s}}ek, Egon},
  journal={European Economic Review},
  volume={88},
  pages={185--207},
  year={2016},
  publisher={Elsevier}
}

@article{bonciani2020international,
  title={The international effects of global financial uncertainty shocks},
  author={Bonciani, Dario and Ricci, Martino},
  journal={Journal of International Money and Finance},
  volume={109},
  pages={102236},
  year={2020},
  publisher={Elsevier}
}

@article{colombo2013economic,
  title={Economic policy uncertainty in the US: Does it matter for the Euro area?},
  author={Colombo, Valentina},
  journal={Economics Letters},
  volume={121},
  number={1},
  pages={39--42},
  year={2013},
  publisher={Elsevier}
}

@article{nilavongse2020economic,
  title={Economic policy uncertainty shocks, economic activity, and exchange rate adjustments},
  author={Nilavongse, Rachatar and Micha{\l}, Rubaszek and Uddin, Gazi Salah},
  journal={Economics Letters},
  volume={186},
  pages={108765},
  year={2020},
  publisher={Elsevier}
}

@article{biljanovska2021fear,
  title={Fear thy neighbor: Spillovers from economic policy uncertainty},
  author={Biljanovska, Nina and Grigoli, Francesco and Hengge, Martina},
  journal={Review of International Economics},
  volume={29},
  number={2},
  pages={409--438},
  year={2021},
  publisher={Wiley Online Library}
}

@article{cheng2018important,
  title={How important are global geopolitical risks to emerging countries?},
  author={Cheng, Chak Hung Jack and Chiu, Ching-Wai Jeremy},
  journal={International economics},
  volume={156},
  pages={305--325},
  year={2018},
  publisher={Elsevier}
}

@article{carriere2013impact,
  title={The impact of uncertainty shocks in emerging economies},
  author={Carri{\`e}re-Swallow, Yan and C{\'e}spedes, Luis Felipe},
  journal={Journal of International Economics},
  volume={90},
  number={2},
  pages={316--325},
  year={2013},
  publisher={Elsevier}
}

@article{ahir2019caution,
  title={Caution: Trade uncertainty is rising and can harm the global economy},
  author={Ahir, Hites and Bloom, Nicholas and Furceri, Davide},
  journal={VoxEU. org},
  volume={4},
  year={2019}
}

@article{das2018international,
  title={International economic policy uncertainty and stock prices revisited: Multiple and Partial wavelet approach},
  author={Das, Debojyoti and Kumar, Surya Bhushan},
  journal={Economics Letters},
  volume={164},
  pages={100--108},
  year={2018},
  publisher={Elsevier}
}


@book{ebeke2018trade,
  title={Trade uncertainty and Investment in the Euro Area},
  author={Ebeke, Mr Christian H and Siminitz, Jesse},
  year={2018},
  publisher={International Monetary Fund}
}


@article{wang2021trade,
  title={Trade policy uncertainty and firm risk taking},
  author={Wang, Hui and Shen, Huayu and Tang, Xiaoyi and Wu, Zuofeng and Ma, Shuming},
  journal={Economic Analysis and Policy},
  volume={70},
  pages={351--364},
  year={2021},
  publisher={Elsevier}
}

@article{chen2021tariff,
  title={Tariff uncertainty and firm innovation: Evidence from the US--China Permanent Normal Trade Relation},
  author={Chen, Tao and Gao, Huasheng and Wang, Yuxi},
  journal={Journal of Empirical Finance},
  volume={62},
  pages={12--27},
  year={2021},
  publisher={Elsevier}
}

@article{william2022economic,
  title={Economic policy uncertainty and industry innovation: Cross country evidence},
  author={William, Mbanyele and Fengrong, Wang},
  journal={The Quarterly Review of Economics and Finance},
  volume={84},
  pages={208--228},
  year={2022},
  publisher={Elsevier}
}

@article{baum2011impact,
  title={The impact of fiscal policy on economic activity over the business cycle-evidence from a threshold VAR analysis},
  author={Baum, Anja and Koester, Gerrit},
  year={2011},
  publisher={Bundesbank Series 1 Discussion Paper}
}

@article{galvao2006structural,
  title={Structural break threshold VARs for predicting US recessions using the spread},
  author={Galv{\~a}o, Ana Beatriz C},
  journal={Journal of Applied Econometrics},
  volume={21},
  number={4},
  pages={463--487},
  year={2006},
  publisher={Wiley Online Library}
}

@article{alessandri2019financial,
  title={Financial regimes and uncertainty shocks},
  author={Alessandri, Piergiorgio and Mumtaz, Haroon},
  journal={Journal of Monetary Economics},
  volume={101},
  pages={31--46},
  year={2019},
  publisher={Elsevier}
}

@article{avdjiev2014credit,
  title={Credit growth, monetary policy and economic activity in a three-regime TVAR model},
  author={Avdjiev, Stefan and Zeng, Zheng},
  journal={Applied Economics},
  volume={46},
  number={24},
  pages={2936--2951},
  year={2014},
  publisher={Taylor \& Francis}
}

@article{schmidt2020risk,
  title={Risk, asset pricing and monetary policy transmission in Europe: Evidence from a threshold-VAR approach},
  author={Schmidt, J{\"o}rg},
  journal={Journal of International Money and Finance},
  volume={109},
  pages={102235},
  year={2020},
  publisher={Elsevier}
}

@article{fry2016effects,
  title={Effects of the US monetary policy shocks during financial crises--a threshold vector autoregression approach},
  author={Fry-Mckibbin, Ren{\'e}e and Zheng, Jasmine},
  journal={Applied Economics},
  volume={48},
  number={59},
  pages={5802--5823},
  year={2016},
  publisher={Taylor \& Francis}
}

@techreport{li2010financial,
  title={Financial Stress, Monetary Policy, and Economic Activity. Bank of Canada},
  author={Li, F and St-Amant, P},
  year={2010},
  institution={Working Paper. Go to original source}
}


@article{schuler2014asymmetric,
  title={Asymmetric effects of uncertainty over the business cycle: A quantile structural vector autoregressive approach},
  author={Sch{\"u}ler, Yves S},
  year={2014}
}

@book{colombo2020asymmetric,
  title={The asymmetric effects of uncertainty shocks},
  author={Colombo, Valentina and Paccagnini, Alessia and others},
  year={2020},
  publisher={Australian National University, Crawford School of Public Policy, Centre for~…}
}

@article{nalban2021asymmetric,
  title={Asymmetric effects of uncertainty shocks: Normal times and financial disruptions are different},
  author={Nalban, Valeriu and Sm{\u{a}}du, Andra},
  journal={Journal of Macroeconomics},
  volume={69},
  pages={103331},
  year={2021},
  publisher={Elsevier}
}


@article{aastveit2017economic,
  title={Economic uncertainty and the influence of monetary policy},
  author={Aastveit, Knut Are and Natvik, Gisle James and Sola, Sergio},
  journal={Journal of International Money and Finance},
  volume={76},
  pages={50--67},
  year={2017},
  publisher={Elsevier}
}

@article{aquino2022does,
  title={Does uncertainty matter for the effectiveness of monetary policy?},
  author={Aquino, Juan Carlos and Ram{\i}rez-Rond{\'a}n, Nelson R and Salazar, Luis Y{\'e}pez},
  year={2022}
}

@book{ilyna2023geo,
  title={Geo-economic fragmentation and the future of multilateralism},
  author={Ilyina, Ms Anna and Aiyar, Mr Shekhar and Chen, Mr Jiaqian and Ebeke, Mr Christian H and Garcia-Saltos, Mr Roberto and Gudmundsson, Tryggvi and Kangur, Mr Alvar and Kunaratskul, Tansaya and Rodriguez, Mr Sergio L and Ruta, Michele and others},
  year={2023},
  publisher={International Monetary Fund}
}

@book{gbohoui2021uncertainty,
  title={Uncertainty and public investment multipliers: the role of economic confidence},
  author={Gbohoui, William},
  year={2021},
  publisher={International Monetary Fund}
}

@article{ying2022role,
  title={The role of monetary policy uncertainty in transmitting monetary policy shocks},
  author={Ying, Shan and Wang, Ben Zhe},
  journal={Available at SSRN 4128511},
  year={2022}
}

@article{uhlig2005effects,
  title={What are the effects of monetary policy on output? Results from an agnostic identification procedure},
  author={Uhlig, Harald},
  journal={Journal of Monetary Economics},
  volume={52},
  number={2},
  pages={381--419},
  year={2005},
  publisher={Elsevier}
}

@article{arias2018inference,
  title={Inference based on structural vector autoregressions identified with sign and zero restrictions: Theory and applications},
  author={Arias, Jonas E and Rubio-Ram{\'\i}rez, Juan F and Waggoner, Daniel F},
  journal={Econometrica},
  volume={86},
  number={2},
  pages={685--720},
  year={2018},
  publisher={Wiley Online Library}
}

@article{rubio2010structural,
  title={Structural vector autoregressions: Theory of identification and algorithms for inference},
  author={Rubio-Ramirez, Juan F and Waggoner, Daniel F and Zha, Tao},
  journal={The Review of Economic Studies},
  volume={77},
  number={2},
  pages={665--696},
  year={2010},
  publisher={Wiley-Blackwell}
}

@Manual{Danne2015,
	author = {Christian Danne},
	title = {{VARsignR}: Estimating VARs using sign restrictions.},
	year = {2015},
	note = {R package version 0.1.2.}}
-------








@article{hanson2004price,
  title={The “price puzzle” reconsidered},
  author={Hanson, Michael S},
  journal={Journal of Monetary Economics},
  volume={51},
  number={7},
  pages={1385--1413},
  year={2004},
  publisher={Elsevier}
}

@article{demiralp2014still,
  title={Still puzzling: evaluating the price puzzle in an empirically identified structural vector autoregression},
  author={Demiralp, Selva and Hoover, Kevin D and Perez, Stephen J},
  journal={Empirical Economics},
  volume={46},
  pages={701--731},
  year={2014},
  publisher={Springer}
}

@article{giordani2004alternative,
  title={An alternative explanation of the price puzzle},
  author={Giordani, Paolo},
  journal={Journal of Monetary Economics},
  volume={51},
  number={6},
  pages={1271--1296},
  year={2004},
  publisher={Elsevier}
}

@book{bishop2017anticipatory,
  title={Anticipatory Monetary Policy and the" Price Puzzle"},
  author={Bishop, James and Tulip, Peter and others},
  year={2017},
  publisher={Reserve Bank of Australia}
}

@article{cloyne2016macroeconomic,
  title={The macroeconomic effects of monetary policy: a new measure for the United Kingdom},
  author={Cloyne, James and H{\"u}rtgen, Patrick},
  journal={American Economic Journal: Macroeconomics},
  volume={8},
  number={4},
  pages={75--102},
  year={2016},
  publisher={American Economic Association 2014 Broadway, Suite 305, Nashville, TN 37203-2425}
}

@article{romer2004new,
  title={A new measure of monetary shocks: Derivation and implications},
  author={Romer, Christina D and Romer, David H},
  journal={American economic review},
  volume={94},
  number={4},
  pages={1055--1084},
  year={2004},
  publisher={American Economic Association}
}




@techreport{davis2016index,
  title={An index of global economic policy uncertainty},
  author={Davis, Steven J},
  year={2016},
  institution={National Bureau of Economic Research}
}

@techreport{arbatli2017policy,
  title={Policy uncertainty in Japan},
  author={Arbatli, Elif C and Davis, Steven J and Ito, Arata and Miake, Naoko},
  year={2017},
  institution={National Bureau of Economic Research}
}

@article{armelius2017timing,
  title={The timing of uncertainty shocks in a small open economy},
  author={Armelius, Hanna and Hull, Isaiah and K{\"o}hler, Hanna Stenbacka},
  journal={Economics Letters},
  volume={155},
  pages={31--34},
  year={2017},
  publisher={Elsevier}
}

@article{baker2013economic,
  title={Economic policy uncertainty in China},
  author={Baker, Scott R and Bloom, Nicholas and Davis, Steven J and Wang, Xiaoxi},
  journal={unpublished paper, University of Chicago},
  year={2013}
}

@article{cerda2016economic,
  title={Economic policy uncertainty indices for Chile},
  author={Cerda, Rodrigo and Silva, Alvaro and Valente, Jos{\'e} Tom{\'a}s},
  journal={Economic Policy Uncertainty working paper},
  year={2016}
}

@inproceedings{davis2019economic,
  title={Economic policy uncertainty in China since 1949: The view from mainland newspapers},
  author={Davis, Steven J and Liu, Dingquian and Sheng, Xuguang Simon},
  booktitle={Fourth Annual IMF-Atlanta Fed Research Workshop on China’s Economy Atlanta},
  volume={19},
  pages={1--37},
  year={2019}
}

@incollection{ghirelli2019new,
  title={A new economic policy uncertainty index for Spain. Bank of Spain},
  author={Ghirelli, C and Perez, JJ and Urtasun, A},
  booktitle={Working Paper No. 1906},
  year={2019}
}

@article{gil2018economic,
  title={Economic policy uncertainty indices for colombia},
  author={Gil, Mauricio and Silva, Daniel},
  journal={Deutch Bank Research. Available online: http://www. policyuncertainty. com/methodology. html (accessed on 7 September 2021)},
  year={2018}
}

@article{hardouvelis2018economic,
  title={Economic policy uncertainty, political uncertainty and the Greek economic crisis},
  author={Hardouvelis, Gikas A and Karalas, Georgios and Karanastasis, Dimitrios and Samartzis, Panagiotis},
  journal={Political Uncertainty and the Greek Economic Crisis (April 3, 2018)},
  year={2018}
}

@article{kroese2015beleidsonzekerheid,
  title={Beleidsonzekerheid in nederland},
  author={Kroese, Lars and Kok, Suzanne and Parlevliet, Jante},
  journal={Economisch Statistiche Berichten},
  volume={4715},
  pages={464--467},
  year={2015}
}

@article{zalla2016economic,
  title={Economic Policy Uncertainty in Ireland." Working paper, 20 September},
  author={Zalla, R},
  year={2016}
}









@book{kakes1998monetary,
  title={Monetary transmission and business cycle asymmetry},
  author={Kakes, Jan and others},
  year={1998},
  publisher={Graduate School/Research Institute Systems, Organisation and Management}
}

@article{lin2020asymmetric,
  title={Asymmetric effects of monetary policy},
  author={Lin, Tzu-Yu},
  journal={The BE Journal of Macroeconomics},
  volume={21},
  number={2},
  pages={425--447},
  year={2020},
  publisher={De Gruyter}
}

@article{guney2018asymmetries,
  title={Asymmetries in monetary policy reaction function and the role of uncertainties: the case of Turkey},
  author={G{\"u}ney, Pelin {\"O}ge},
  journal={Economic research-Ekonomska istra{\v{z}}ivanja},
  volume={31},
  number={1},
  pages={1367--1381},
  year={2018},
  publisher={Taylor and Francis Group i Sveu{\v{c}}ili{\v{s}}te Jurja Dobrile u Puli, Fakultet~…}
}

@incollection{prasad2007financial,
  title={Financial globalization, growth and volatility in developing countries},
  author={Prasad, Eswar S and Rogoff, Kenneth and Wei, Shang-Jin and Kose, M Ayhan},
  booktitle={Globalization and poverty},
  pages={457--516},
  year={2007},
  publisher={University of Chicago Press}
}

@article{crozet2020friendly,
  title={Friendly fire: The trade impact of the Russia sanctions and counter-sanctions},
  author={Crozet, Matthieu and Hinz, Julian},
  journal={Economic Policy},
  volume={35},
  number={101},
  pages={97--146},
  year={2020},
  publisher={Oxford University Press}
}

@article{amiti2019impact,
  title={The impact of the 2018 tariffs on prices and welfare},
  author={Amiti, Mary and Redding, Stephen J and Weinstein, David E},
  journal={Journal of Economic Perspectives},
  volume={33},
  number={4},
  pages={187--210},
  year={2019},
  publisher={American Economic Association 2014 Broadway, Suite 305, Nashville, TN 37203-2418}
}

@article{fajgelbaum2020return,
  title={The return to protectionism},
  author={Fajgelbaum, Pablo D and Goldberg, Pinelopi K and Kennedy, Patrick J and Khandelwal, Amit K},
  journal={The Quarterly Journal of Economics},
  volume={135},
  number={1},
  pages={1--55},
  year={2020},
  publisher={Oxford University Press}
}

@article{bown2007trade,
  title={Trade deflection and trade depression},
  author={Bown, Chad P and Crowley, Meredith A},
  journal={Journal of International Economics},
  volume={72},
  number={1},
  pages={176--201},
  year={2007},
  publisher={Elsevier}
}



@article{abel1983optimal,
  title={Optimal investment under uncertainty},
  author={Abel, Andrew B},
  journal={The American Economic Review},
  volume={73},
  number={1},
  pages={228--233},
  year={1983},
  publisher={JSTOR}
}

@article{bernanke1983irreversibility,
  title={Irreversibility, uncertainty, and cyclical investment},
  author={Bernanke, Ben S},
  journal={The quarterly journal of economics},
  volume={98},
  number={1},
  pages={85--106},
  year={1983},
  publisher={MIT Press}
}

@article{bloom2014fluctuations,
  title={Fluctuations in uncertainty},
  author={Bloom, Nicholas},
  journal={Journal of economic Perspectives},
  volume={28},
  number={2},
  pages={153--176},
  year={2014}
}

@article{bloom2009impact,
  title={The impact of uncertainty shocks},
  author={Bloom, Nicholas},
  journal={econometrica},
  volume={77},
  number={3},
  pages={623--685},
  year={2009},
  publisher={Wiley Online Library}
}


@article{bloom2007uncertainty,
  title={Uncertainty and investment dynamics},
  author={Bloom, Nicholas and Bond, Stephen and Van Reenen, John},
  journal={The review of economic studies},
  volume={74},
  number={2},
  pages={391--415},
  year={2007},
  publisher={Wiley-Blackwell}
}

@article{bloom2018really,
  title={Really uncertain business cycles},
  author={Bloom, Nicholas and Floetotto, Max and Jaimovich, Nir and Saporta-Eksten, Itay and Terry, Stephen J},
  journal={Econometrica},
  volume={86},
  number={3},
  pages={1031--1065},
  year={2018},
  publisher={Wiley Online Library}
}

@article{rodrik1991policy,
  title={Policy uncertainty and private investment in developing countries},
  author={Rodrik, Dani},
  journal={Journal of Development Economics},
  volume={36},
  number={2},
  pages={229--242},
  year={1991},
  publisher={Elsevier}
}

@techreport{gilchrist2014uncertainty,
  title={Uncertainty, financial frictions, and investment dynamics},
  author={Gilchrist, Simon and Sim, Jae W and Zakraj{\v{s}}ek, Egon},
  year={2014},
  institution={National Bureau of Economic Research}
}




@techreport{osnago2015trade,
  title={Trade policy uncertainty as barrier to trade},
  author={Osnago, Alberto and Piermartini, Roberta and Rocha, Nadia},
  year={2015},
  institution={WTO Staff Working Paper}
}







@article{sudsawasd2006investment,
  title={Investment under trade policy uncertainty: An empirical investigation},
  author={Sudsawasd, Sasatra and Moore, Robert E},
  journal={Review of International Economics},
  volume={14},
  number={2},
  pages={316--329},
  year={2006},
  publisher={Wiley Online Library}
}




@article{d2021global,
  title={Global Value Chains, Volatility and Safe Openness: Is Trade a Double-Edged Sword?},
  author={D’Aguanno, Lucio and Davies, Oliver and Dogan, Aydan and Freeman, Rebecca and Lloyd, Simon and Reinhardt, Dennis and Sajedi, Rana and Zymek, Robert},
  journal={Bank of england financial stability paper},
  number={46},
  year={2021}
}

@article{eppinger2021decoupling,
  title={Decoupling global value chains},
  author={Eppinger, Peter and Felbermayr, Gabriel J and Krebs, Oliver and Kukharskyy, Bohdan},
  year={2021},
  publisher={CESifo Working Paper}
}

@techreport{felbermayr2021decoupling,
  title={Decoupling Europe},
  author={Felbermayr, Gabriel and Gans, Steffen and Mahlkow, Hendrik and Sandkamp, Alexander-Nikolai},
  year={2021},
  institution={Kiel Policy Brief}
}

@techreport{heiland2020complex,
  title={Complex Europe: Quantifying the cost of disintegration},
  author={Heiland, Inga and Felbermayr, Gabriel and Groeschl, Jasmin},
  year={2020},
  institution={Discussion Paper 15200, CEPR}
}

@article{dixon2021finance,
  title={Finance in a global CGE model: the effects of financial decoupling between the US and China},
  author={Dixon, Peter and Giesecke, James A and Nassios, Jason and Rimmer, Maureen T},
  journal={Journal of Global Economic Analysis},
  volume={6},
  number={2},
  year={2021},
  publisher={Center for Global Trade Analysis, Purdue University}
}


@article{riezman2011distance,
  title={Distance measures between free trade and autarky for the world economy},
  author={Riezman, Raymond and Whalley, John and Zhang, Shunming},
  journal={Economic Modelling},
  volume={28},
  number={4},
  pages={2000--2012},
  year={2011},
  publisher={Elsevier}
}

@article{amir2017free,
  title={Free trade versus autarky under asymmetric cournot oligopoly},
  author={Amir, Rabah and Jin, Jim Y and Tr{\"o}ge, Michael},
  journal={Review of international economics},
  volume={25},
  number={1},
  pages={98--107},
  year={2017},
  publisher={Wiley Online Library}
}

@techreport{bergin2023catching,
  title={Catching Up by ‘Deglobalizing’: Capital Account Policy and Economic Growth},
  author={Bergin, Paul and Choi, Woo Jin and Pyun, Ju H},
  year={2023},
  institution={National Bureau of Economic Research}
}

@article{felbermayr2023cutting,
  title={Cutting through the value chain: The long-run effects of decoupling the East from the West},
  author={Felbermayr, Gabriel and Mahlkow, Hendrik and Sandkamp, Alexander},
  journal={Empirica},
  volume={50},
  number={1},
  pages={75--108},
  year={2023},
  publisher={Springer}
}

@article{sax2018seasonal,
  title={Seasonal adjustment by x-13arima-seats in r},
  author={Sax, Christoph and Eddelbuettel, Dirk},
  journal={Journal of Statistical Software},
  volume={87},
  pages={1--17},
  year={2018}
}














@book{knight1921risk,
  title={Risk, uncertainty and profit},
  author={Knight, Frank Hyneman},
  volume={31},
  year={1921},
  publisher={Houghton Mifflin}
}

