monpol asymmetries ref
@article{Lin+2021+425+447,
	author = {Tzu-Yu Lin},
	doi = {doi:10.1515/bejm-2020-0084},
	url = {https://doi.org/10.1515/bejm-2020-0084},
	title = {Asymmetric Effects of Monetary Policy},
	journal = {The B.E. Journal of Macroeconomics},
	number = {2},
	volume = {21},
	year = {2021},
	pages = {425--447}
}



@article{doi:10.1080/1331677X.2018.1481445,
	author = {Pelin Öge Güney},
	title = {Asymmetries in monetary policy reaction function and the role of uncertainties: the case of Turkey},
	journal = {Economic Research-Ekonomska Istraživanja},
	volume = {31},
	number = {1},
	pages = {1367-1381},
	year  = {2018},
	publisher = {Routledge},
	doi = {10.1080/1331677X.2018.1481445},

}






business cycle asymmetries reference
@TechReport{RePEc:knz:dpteco:1402,
	author={Yves S. Schüler},
	title={{Asymmetric Effects of Uncertainty over the Business Cycle: A Quantile Structural Vector Autoregressive Approach}},
	year={2014},
	institution={Department of Economics, University of Konstanz},
	type={Working Paper Series of the Department of Economics, University of Konstanz},
	number={2014-02},
}

@TechReport{RePEc:een:camaaa:2020-72,
	author={Valentina Colombo and Alessia Paccagnini},
	title={{The asymmetric effects of uncertainty shocks}},
	year={2020},
	institution={Centre for Applied Macroeconomic Analysis, Crawford School of Public Policy, The Australian National University},
	type={CAMA Working Papers},
	number={2020-72},
}


@TechReport{RePEc:gro:rugsom:98c36,
	author={Kakes, Jan},
	title={{Monetary transmission and business cycle asymmetry}},
	year={1998},
	institution={University of Groningen, Research Institute SOM (Systems, Organisations and Management)},
	type={Research Report},
	number={98C36},
}


uncertainty asymmetries reference
@Article{RePEc:jae:japmet:v:19:y:2004:i:5:p:551-565,
	author={Kevin B. Grier and Ólan T. Henry and Nilss Olekalns and Kalvinder Shields},
	title={{The asymmetric effects of uncertainty on inflation and output growth}},
	journal={Journal of Applied Econometrics},
	year={2004},
	volume={19},
	number={5},
	pages={551-565},
	doi={10.1002/jae.763},
}


@Article{RePEc:cup:macdyn:v:20:y:2016:i:05:p:1219-124600,
	author={Jones, Paul M. and Enders, Walter},
	title={{The Asymmetric Effects Of Uncertainty On Macroeconomic Activity}},
	journal={Macroeconomic Dynamics},
	year={2016},
	volume={20},
	number={5},
	pages={1219-1246},
	month={July},

}

@Article{RePEc:fip:fedker:00016,
	author={Andrew T. Foerster},
	title={{The asymmetric effects of uncertainty}},
	journal={Economic Review},
	year={2014},
	volume={},
	number={Q III},
	pages={5-26},
}

@Article{RePEc:eee:jmacro:v:69:y:2021:i:c:s0164070421000379,
	author={Nalban, Valeriu and Smădu, Andra},
	title={{Asymmetric effects of uncertainty shocks: Normal times and financial disruptions are different}},
	journal={Journal of Macroeconomics},
	year={2021},
	volume={69},
	number={C},
}




Price puzzle references
@Article{RePEc:aea:aecrev:v:94:y:2004:i:4:p:1055-1084,
	author={Christina D. Romer and David H. Romer},
	title={{A New Measure of Monetary Shocks: Derivation and Implications}},
	journal={American Economic Review},
	year={2004},
	volume={94},
	number={4},
	pages={1055-1084},
}


@Article{RePEc:aea:aejmac:v:8:y:2016:i:4:p:75-102,
	author={James Cloyne and Patrick Hürtgen},
	title={{The Macroeconomic Effects of Monetary Policy: A New Measure for the United Kingdom}},
	journal={American Economic Journal: Macroeconomics},
	year={2016},
	volume={8},
	number={4},
	pages={75-102},
}


@TechReport{RePEc:rba:rbardp:rdp2017-02,
	author={James Bishop and Peter Tulip},
	title={{Anticipatory Monetary Policy and the 'Price Puzzle'}},
	year={2017},
	institution={Reserve Bank of Australia},
	type={RBA Research Discussion Papers},
	number={rdp2017-02},
}

@Article{RePEc:spr:empeco:v:46:y:2014:i:2:p:701-731,
	author={Selva Demiralp and Kevin Hoover and Stephen Perez},
	title={{Still puzzling: evaluating the price puzzle in an empirically identified structural vector autoregression}},
	journal={Empirical Economics},
	year={2014},
	volume={46},
	number={2},
	pages={701-731},
	doi={10.1007/s00181-013-0694-5},
}

@TechReport{RePEc:hhs:hastef:0414,
	author={Giordani, Paolo},
	title={{An alternative explanation of the price puzzle}},
	year={2000},
	institution={Stockholm School of Economics},
	type={SSE/EFI Working Paper Series in Economics and Finance},
	number={414},
}

@Article{RePEc:eee:moneco:v:51:y:2004:i:7:p:1385-1413,
	author={Hanson, Michael S.},
	title={{The \&quot;price puzzle\&quot; reconsidered}},
	journal={Journal of Monetary Economics},
	year={2004},
	volume={51},
	number={7},
	pages={1385-1413},
}

Uncertainty references
@article{CARRIERESWALLOW2013316,
	title = {The impact of uncertainty shocks in emerging economies},
	journal = {Journal of International Economics},
	volume = {90},
	number = {2},
	pages = {316-325},
	year = {2013},
	issn = {0022-1996},
	doi = {https://doi.org/10.1016/j.jinteco.2013.03.003},
	author = {Yan Carrière-Swallow and Luis Felipe Céspedes},
}

@article{CHENG2018305,
	title = {How important are global geopolitical risks to emerging countries?},
	journal = {International Economics},
	volume = {156},
	pages = {305-325},
	year = {2018},
	issn = {2110-7017},
	doi = {https://doi.org/10.1016/j.inteco.2018.05.002},
	author = {Chak Hung Jack Cheng and Ching-Wai (Jeremy) Chiu},
}

@article{CALDARA2016185,
	title = {The macroeconomic impact of financial and uncertainty shocks},
	journal = {European Economic Review},
	volume = {88},
	pages = {185-207},
	year = {2016},
	note = {SI: The Post-Crisis Slump},
	issn = {0014-2921},
	doi = {https://doi.org/10.1016/j.euroecorev.2016.02.020},
	author = {Dario Caldara and Cristina Fuentes-Albero and Simon Gilchrist and Egon Zakrajšek},

}


@article{NILAVONGSE2020108765,
	title = {Economic policy uncertainty shocks, economic activity, and exchange rate adjustments},
	journal = {Economics Letters},
	volume = {186},
	pages = {108765},
	year = {2020},
	issn = {0165-1765},
	doi = {https://doi.org/10.1016/j.econlet.2019.108765},
	author = {Rachatar Nilavongse and Michał, Rubaszek and Gazi Salah Uddin},

}



@article{BONCIANI2020102236,
	title = {The international effects of global financial uncertainty shocks},
	journal = {Journal of International Money and Finance},
	volume = {109},
	pages = {102236},
	year = {2020},
	issn = {0261-5606},
	doi = {https://doi.org/10.1016/j.jimonfin.2020.102236},
	author = {Dario Bonciani and Martino Ricci},
}

@article{COLOMBO201339,
	title = {Economic policy uncertainty in the US: Does it matter for the Euro area?},
	journal = {Economics Letters},
	volume = {121},
	number = {1},
	pages = {39-42},
	year = {2013},
	issn = {0165-1765},
	doi = {https://doi.org/10.1016/j.econlet.2013.06.024},
	author = {Valentina Colombo},

}

BBD
@article{baker2016measuring,
	title={Measuring economic policy uncertainty},
	author={Baker, Scott R and Bloom, Nicholas and Davis, Steven J},
	journal={The quarterly journal of economics},
	volume={131},
	number={4},
	pages={1593--1636},
	year={2016},
	publisher={Oxford University Press}
}


varsignr
@Manual{Danne2015,
	author = {Christian Danne},
	title = {{VARsignR}: Estimating VARs using sign restrictions.},
	year = {2015},
	note = {R package version 0.1.2.}}


@Article{RePEc:eee:moneco:v:52:y:2005:i:2:p:381-419,
	author={Uhlig, Harald},
	title={{What are the effects of monetary policy on output? Results from an agnostic identification procedure}},
	journal={Journal of Monetary Economics},
	year={2005},
	volume={52},
	number={2},
	pages={381-419},
}